@misc{scikit-learn,
    title={sklearn.linear_model.LogisticRegressionÂ¶}, 
    url={http://scikit-learn.org/stable/modules/generated/sklearn.linear_model.LogisticRegression.html},
    journal={sklearn.linear_model.LogisticRegression - scikit-learn 0.19.1 documentation}} 

@misc{duncan,
    title = {ILPD},
    author = {Adam Duncan},
    year = {2018}}
    
@misc{abeykoon_2018, 
    title={Docker-Flask Rest Service}, url={https://www.youtube.com/watch?v=VHhOr0YmavM&feature=youtu.be}, 
    journal={YouTube},
    publisher={YouTube}, 
    year={2018}, 
    month={Apr}} 
    
@misc{babbage,
    title={Quotes in Statistics & Science}, url={https://www.stat.wisc.edu/quotes}, journal={Department of Statistics}, author={Babbage, Charles}} 
    
@misc{barker,
    title = {ILPD},
    author = {Adam Barker},
    year = {2018}}
